<?xml version="1.0" encoding="UTF-8"?><collection xmlns="http://www.loc.gov/MARC21/slim"><record><leader>00647nam--2200169-i-4500</leader><controlfield tag="001">000003268</controlfield><controlfield tag="002">20161230</controlfield><controlfield tag="005">20161230201025</controlfield><controlfield tag="008">060222s1000------------r-----000-0-eng-d</controlfield><datafield ind1=" " ind2=" " tag="040"><subfield code="a">IFIN-HH</subfield></datafield><datafield ind1=" " ind2=" " tag="080"><subfield code="a">537.523/525</subfield></datafield><datafield ind1="1" ind2=" " tag="100"><subfield code="a">Kuhn, W.E</subfield></datafield><datafield ind1="1" ind2="0" tag="245"><subfield code="a">Arcs in inert atmospheres and vacuum</subfield><subfield code="b">Papers presented at the symposium on arcs in inert atmospheres and vacuum of the electrothermics and metallurgy division of the electrochemical society april 30 and may 1, 1956 san francisco, california</subfield><subfield code="c">W.e. kuhn</subfield></datafield><datafield ind1=" " ind2=" " tag="260"><subfield code="a">New York</subfield><subfield code="b">John Wiley &amp; Sons, Inc</subfield><subfield code="c">1956</subfield></datafield><datafield ind1=" " ind2=" " tag="300"><subfield code="a">VIII + 188 P</subfield></datafield><datafield ind1=" " ind2=" " tag="852"><subfield code="a">13041</subfield><subfield code="c">537.52</subfield></datafield><datafield ind1=" " ind2=" " tag="CAT"><subfield code="a">Sys</subfield><subfield code="c">20110803</subfield><subfield code="h">134113</subfield></datafield></record></collection>